@manual{sample,
  author = {Astroparticle physics department TU Dortmund},
  title = {FP2 Teilchenphysik - Das Energiespektrum des Krebsnebens, gemessen mit FACT},
  year = 2018
}

@article{HEGRA,
	year = 2004,
	publisher = {American Astronomical Society},
	volume = {614},
	number = {2},
	pages = {897--913},
	author = {F. Aharonian and A. Akhperjanian and M. Beilicke and K. Bernlohr and H.-G. Borst and H. Bojahr and O. Bolz and T. Coarasa and J. L. Contreras and J. Cortina and S. Denninghoff and M. V. Fonseca and M. Girma and N. Gotting and G. Heinzelmann and G. Hermann and A. Heusler and W. Hofmann and D. Horns and I. Jung and R. Kankanyan and M. Kestel and A. Kohnle and A. Konopelko and D. Kranich and H. Lampeitl and M. Lopez and E. Lorenz and F. Lucarelli and O. Mang and D. Mazin and H. Meyer and R. Mirzoyan and A. Moralejo and E. Ona-Wilhelmi and M. Panter and A. Plyasheshnikov and G. Puhlhofer and R. de los Reyes and W. Rhode and J. Ripken and G. Rowell and V. Sahakian and M. Samorski and M. Schilling and M. Siems and D. Sobzynska and W. Stamm and M. Tluczykont and V. Vitale and H. J. Volk and C. A. Wiedner and W. Wittek},
	title = {The Crab Nebula and Pulsar between 500 {GeV} and 80 {TeV}: Observations with the {HEGRA} Stereoscopic Air Cerenkov Telescopes},
	journal = {The Astrophysical Journal},
	}

  @article{MAGIC,
     title={Measurement of the Crab Nebula spectrum over three decades in energy with the MAGIC telescopes},
     volume={5-6},
     journal={Journal of High Energy Astrophysics},
     publisher={Elsevier BV},
     author={Aleksić, J. and Ansoldi, S. and Antonelli, L.A. and Antoranz, P. and Babic, A. and Bangale, P. and Barrio, J.A. and Becerra González, J. and Bednarek, W. and Bernardini, E. and et al.},
     year={2015},
     pages={30–38}
  }
