@manual{sample,
  author = {TU Dortmund University, AG Albrecht},
  title = {Selection of $B_s^0 \rightarrow \psi(2S) K_s^0$ events},
  year = 2022
}

@article{pdg,
    author = "Workman, R. L. and Others",
    collaboration = "Particle Data Group",
    title = "{Review of Particle Physics}",
    doi = "10.1093/ptep/ptac097",
    journal = "PTEP",
    volume = "2022",
    pages = "083C01",
    year = "2022"
}

@article{Collaboration_2008,
	doi = {10.1088/1748-0221/3/08/s08005},
	year = 2008,
	month = {aug},
	publisher = {{IOP} Publishing},
	volume = {3},
	number = {08},
	pages = {S08005--S08005},
	author = {The LHCb Collaboration and A Augusto Alves and L M Andrade Filho and A F Barbosa},
	title = {The {LHCb} Detector at the {LHC}},
	journal = {Journal of Instrumentation},
}

@article{Evans_2008,
	doi = {10.1088/1748-0221/3/08/s08001},
	year = 2008,
	month = {aug},
	publisher = {{IOP} Publishing},
	volume = {3},
	number = {08},
	pages = {S08001--S08001},
	author = {Lyndon Evans and Philip Bryant},
	title = {{LHC} Machine},
	journal = {Journal of Instrumentation},
}

@inproceedings{Chen:2016:XST:2939672.2939785,
 author = {Chen, Tianqi and Guestrin, Carlos},
 title = {{XGBoost}: A Scalable Tree Boosting System},
 booktitle = {Proceedings of the 22nd ACM SIGKDD International Conference on Knowledge Discovery and Data Mining},
 series = {KDD '16},
 year = {2016},
 location = {San Francisco, California, USA},
 pages = {785--794},
 numpages = {10},
 doi = {10.1145/2939672.2939785},
 acmid = {2939785},
 publisher = {ACM},
 address = {New York, NY, USA},
 keywords = {large-scale machine learning},
}
