@manual{sample,
  author = {TU Dortmund University, AG Albrecht},
  title = {Measurement of matter-antimatter asymmetries with the LHCb experiment},
  year = 2022
}
