@manual{sample,
  author = {TU Dortmund},
  title = {Anleitung zum Versuch V: },
  year = 2018
}
