@article{Fermi,
  title = {On the Origin of the Cosmic Radiation},
  author = {Fermi, ENRICO},
  journal = {Phys. Rev.},
  volume = {75},
  issue = {8},
  pages = {1169--1174},
  numpages = {0},
  year = {1949},
  month = {Apr},
  publisher = {American Physical Society},
  doi = {10.1103/PhysRev.75.1169},
  url = {https://link.aps.org/doi/10.1103/PhysRev.75.1169}
}

@book{griffiths,

publisher = {John Wiley \& Sons, Ltd},
isbn = {9783527618460},
title = {Introduction to Elementary Particles},
doi = {https://doi.org/10.1002/9783527618460},
url = {https://onlinelibrary.wiley.com/doi/abs/10.1002/9783527618460},
year = {1987},
}

@article{ATLAS:2012yve,
    author = "Aad, Georges and others",
    collaboration = "ATLAS",
    title = "{Observation of a new particle in the search for the Standard Model Higgs boson with the ATLAS detector at the LHC}",
    eprint = "1207.7214",
    archivePrefix = "arXiv",
    primaryClass = "hep-ex",
    reportNumber = "CERN-PH-EP-2012-218",
    doi = "10.1016/j.physletb.2012.08.020",
    journal = "Phys. Lett. B",
    volume = "716",
    pages = "1--29",
    year = "2012"
}
