@manual{sample,
  author = {TU Dortmund},
  title = {Anleitung zum Versuch V: },
  year = 2018
}

@article{Fermi,
  title = {On the Origin of the Cosmic Radiation},
  author = {E. Fermi},
  journal = {Phys. Rev.},
  volume = {75},
  issue = {8},
  pages = {1169--1174},
  numpages = {0},
  year = {1949},
  publisher = {American Physical Society},
}

@online{IceCube,
title = {IceCube},
url={https://icecube.wisc.edu/science/icecube/},
urldate = {2021-05-28},
}

@article{DeepCore,
title = {The design and performance of IceCube DeepCore},
journal = {Astroparticle Physics},
volume = {35},
number = {10},
pages = {615-624},
year = {2012},
issn = {0927-6505},
author = {R. Abbasi and Y. Abdou and T. Abu-Zayyad and M. Ackermann and J. Adams and J.A. Aguilar},
}

@article{IceTop,
title = {IceTop: The surface component of IceCube},
journal = {Nuclear Instruments and Methods in Physics Research Section A: Accelerators, Spectrometers, Detectors and Associated Equipment},
volume = {700},
pages = {188-220},
year = {2013},
issn = {0168-9002},
author = {R. Abbasi and Y. Abdou and M. Ackermann and J. Adams and J.A. Aguilar},
}

@online{kNN,
author = {M. Sanjay},
title = {KNN using scikit-learn},
url={https://laptrinhx.com/knn-using-scikit-learn-392440878/},
urldate = {2021-05-29},
}
