@manual{sample,
  author = {Astroparticle physics department TU Dortmund},
  title = {FP2 Teilchenphysik - Das Energiespektrum des Krebsnebens, gemessen mit FACT},
  year = 2022
}