@article{pdg,
    author = "Zyla, P.A. and others",
    collaboration = "Particle Data Group",
    title = "{Review of Particle Physics}",
    journal = "PTEP",
    volume = "2020",
    number = "8",
    year = "2020"
}

@article{Punzi,
author = {Punzi, Giovanni},
year = {2003},
month = {09},
pages = {},
title = {Sensitivity of searches for new signals and its optimization},
journal = {Proceedings of PHYSTAT2003: Statistical Problems in Particle Physics, Astrophysics, and Cosmology}
}


@article{lhcb,
	year = 2008,
	publisher = {{IOP} Publishing},
	volume = {3},
	number = {08},
	author = {The LHCb Collaboration and A Augusto Alves and L M Andrade Filho and A F Barbosa and I Bediaga and G Cernicchiaro and G Guerrer and H P Lima and A A Machado and J Magnin and F Marujo and J M de Miranda and A Reis and A Santos and A Toledo and K Akiba and S Amato and B de Paula and L de Paula and T da Silva and M Gandelman and J H Lopes and B Mar{\'{e}}chal and D Moraes and E Polycarpo and F Rodrigues and J Ballansat and Y Bastian and D Boget and I De Bonis and V Coco and P Y David and D Decamp and P Delebecque and C Drancourt and N Dumont-Dayot and C Girard and B Lieunard and M N Minard and B Pietrzyk and T Rambure and G Rospabe and S T{\textquotesingle}Jampens and Z Ajaltouni and G Bohner and R Bonnefoy and D Borras and C Carloganu and H Chanal and E Conte and R Cornat and M Crouau and E Delage and O Deschamps and P Henrard and P Jacquet and C Lacan and J Laubser and J Lecoq and R Lef{\`{e}}vre and M Magne and M Martemiyanov and M-L Mercier and S Monteil and V Niess and P Perret and G Reinmuth and A Robert and S Suchorski and K Arnaud and E Aslanides and J Babel and C Benchouk and J-P Cachemiche and J Cogan and F Derue and B Dinkespiler and P-Y Duval and V Garonne and S Favard and R Le Gac and F Leon and O Leroy and P-L Liotard and F Marin and M Menouni and P Ollive and S Poss and A Roche and M Sapunov and L Tocco and B Viaud and A Tsaregorodtsev and Y Amhis and G Barrand and S Barsuk and C Beigbeder and R Beneyton and D Breton and O Callot and D Charlet and B D{\textquotesingle}Almagne and O Duarte and F Fulda-Quenzer and A Jacholkowska and B Jean-Marie and J Lefrancois and F Machefert and P Robbe and M-H Schune and V Tocut and I Videau and M Benayoun and P David and L Del Buono and G Gilles and M Domke and H Futterschneider and Ch Ilgner and P Kapusta and M Kolander and R Krause and M Lieng and M Nedos and K Rudloff and S Schleich and R Schwierz and B Spaan and K Wacker and K Warda and M Agari and C Bauer and D Baumeister and N Bulian and H P Fuchs and W Fallot-Burghardt and T Glebe and W Hofmann and K T Knöpfle and S Löchner and A Ludwig and F Maciuc and F Sanchez Nieto and M Schmelling and B Schwingenheuer and E Sexauer and N J Smale and U Trunk and H Voss and J Albrecht and S Bachmann and J Blouw and M Deissenroth and H Deppe and H B Dreis and F Eisele and T Haas and S Hansmann-Menzemer and S Hennenberger and J Knopf and M Moch and A Perieanu and S Rabenecker and A Rausch and C Rummel and R Rusnyak and M Schiller and U Stange and U Uwer and M Walter and R Ziegler and G Avoni and G Balbi and F Bonifazi and D Bortolotti and A Carbone and I D{\textquotesingle}Antone and D Galli and D Gregori and I Lax and U Marconi and G Peco and V Vagnoni and G Valenti and S Vecchi and W Bonivento and A Cardini and S Cadeddu and V DeLeo and C Deplano and S Furcas and A Lai and R Oldeman and D Raspino and B Saitta and N Serra and W Baldini and S Brusa and S Chiozzi and A Cotta Ramusino and F Evangelisti and A Franconieri and S Germani and A Gianoli and L Guoming and L Landi and R Malaguti and C Padoan and C Pennini and M Savri{\`{e}} and S Squerzanti and T Zhao and M Zhu and A Bizzeti and G Graziani and M Lenti and M Lenzi and F Maletta and S Pennazzi and G Passaleva and M Veltri and M Alfonsi and M Anelli and A Balla and A Battisti and G Bencivenni and P Campana and M Carletti and P Ciambrone and G Corradi and E Dan{\'{e}} and A DiVirgilio and P DeSimone and G Felici and C Forti and M Gatta and G Lanfranchi and F Murtas and M Pistilli and M Poli Lener and R Rosellini and M Santoni and A Saputi and A Sarti and A Sciubba and A Zossi and M Ameri and S Cuneo and F Fontanelli and V Gracco and G Min{\'{\i}} and M Parodi and A Petrolini and M Sannino and A Vinci and M Alemi and C Arnaboldi and T Bellunato and M Calvi and F Chignoli and A De Lucia and G Galotta and R Mazza and C Matteuzzi and M Musy and P Negri and D Perego and G Pessina and G Auriemma and V Bocci and A Buccheri and G Chiodi and S Di Marco and F Iacoangeli and G Martellotti and R Nobrega and A Pelosi and G Penso and D Pinci and W Rinaldi and A Rossi and R Santacesaria and C Satriano and G Carboni and M Iannilli and A Massafferri Rodrigues and R Messi and G Paoluzzi and G Sabatino and E Santovetti and A Satta and J Amoraal and G van Apeldoorn and R Arink and N van Bakel and H Band and Th Bauer and A Berkien and M van Beuzekom and E Bos and Ch Bron and L Ceelie and M Doets and R van der Eijk and J-P Fransen and P de Groen and V Gromov and R Hierck and J Homma and B Hommels and W Hoogland and E Jans and F Jansen and L Jansen and M Jaspers and B Kaan and B Koene and J Koopstra and F Kroes and M Kraan and J Langedijk and M Merk and S Mos and B Munneke and J Palacios and A Papadelis and A Pellegrino and O van Petten and T du Pree and E Roeland and W Ruckstuhl and A Schimmel and H Schuijlenburg and T Sluijk and J Spelt and J Stolte and H Terrier and N Tuning and A Van Lysebetten and P Vankov and J Verkooijen and B Verlaat and W Vink and H de Vries and L Wiggers and G Ybeles Smit and N Zaitsev and M Zupan and A Zwart and J van den Brand and H J Bulten and M de Jong and T Ketel and S Klous and J Kos and B M{\textquotesingle}charek and F Mul and G Raven and E Simioni and J Cheng and G Dai and Z Deng and Y Gao and G Gong and H Gong and J He and L Hou and J Li and W Qian and B Shao and T Xue and Z Yang and M Zeng and B Muryn and K Ciba and A Oblakowska-Mucha and J Blocki and K Galuszka and L Hajduk and J Michalowski and Z Natkaniec and G Polok and M Stodulski and M Witek and K Brzozowski and A Chlopik and P Gawor and Z Guzik and A Nawrot and A Srednicki and K Syryczynski and M Szczekowski and F Constantin and P Cristian and Gh Mihon and C Pavel and S Stoica and S Filippov and Yu Gavrilov and L Golyshkin and E Gushchin and O Karavichev and V Klubakov and L Kravchuk and V Kutuzov and S Laptev and S Popov and A Aref{\textquotesingle}ev and B Bobchenko and V Dolgoshein and V Egorychev and A Golutvin and O Gushchin and A Konoplyannikov and I Korolko and T Kvaratskheliya and I Machikhiliyan and S Malyshev and E Mayatskaya and M Prokudin and D Rusinov and V Rusinov and P Shatalov and L Shchutska and E Tarkovskiy and A Tayduganov and K Voronchev and O Zhiryakova and A Bobrov and A Bondar and S Eidelman and A Kozlinsky and L Shekhtman and K S Beloous and R I Dzhelyadin and Yu V Gelitsky and Yu P Gouz and K G Kachnov and A S Kobelev and V D Matveev and V P Novikov and V F Obraztsov and A P Ostankov and V I Romanovsky and V I Rykalin and A P Soldatov and M M Soldatov and E N Tchernov and O P Yushchenko and B Bochin and N Bondar and O Fedorov and V Golovtsov and S Guets and A Kashchuk and V Lazarev and O Maev and P Neustroev and N Sagidova and E Spiridenkov and S Volkov and An Vorobyev and A Vorobyov and E Aguilo and S Bota and M Calvo and A Comerma and X Cano and A Dieguez and A Herms and E Lopez and S Luengo and J Garra and Ll Garrido and D Gascon and A Gaspar de Valenzuela and C Gonzalez and R Graciani and E Grauges and A Perez Calero and E Picatoste and J Riera and M Rosello and H Ruiz and X Vilasis and X Xirgu and B Adeva and X Cid Vidal and D Mart{\'{E}}nez Santos and D Esperante Pereira and J L Fungueiri{\~{n}}o Pazos and A Gallas Torreira and C Lois G{\'{o}}mez and A Pazos Alvarez and E P{\'{e}}rez Trigo and M Pl{\'{o}} Casas{\'{u}}s and C Rodriguez Cobo and P Rodr{\'{\i}}guez P{\'{e}}rez and J J Saborido and M Seco and P Vazquez Regueiro and P Bartalini and A Bay and M-O Bettler and F Blanc and J Borel and B Carron and C Currat and G Conti and O Dormond and Y Ermoline and P Fauland and L Fernandez and R Frei and G Gagliardi and N Gueissaz and G Haefeli and A Hicheur and C Jacoby and P Jalocha and S Jimenez-Otero and J-P Hertig and M Knecht and F Legger and L Locatelli and J-R Moser and M Needham and L Nicolas and A Perrin-Giacomin and J-P Perroud and C Potterat and F Ronga and O Schneider and T Schietinger and D Steele and L Studer and M Tareb and M T Tran and J van Hunen and K Vervink and S Villa and N Zwahlen and R Bernet and A Büchler and J Gassner and F Lehner and T Sakhelashvili and C Salzmann and P Sievers and S Steiner and O Steinkamp and U Straumann and J van Tilburg and A Vollhardt and D Volyanskyy and M Ziegler and A Dovbnya and Yu Ranyuk and I Shapoval and M Borisova and V Iakovenko and V Kyva and O Kovalchuk and O Okhrimenko and V Pugatch and Yu Pylypchenko and M Adinolfi and N H Brook and R D Head and J P Imong and K A Lessnoff and F C D Metlica and A J Muir and J H Rademacker and A Solomin and P M Szczypka and C Barham and C Buszello and J Dickens and V Gibson and S Haines and K Harrison and C R Jones and S Katvars and U Kerzel and C Lazzeroni and Y Y Li and G Rogers and J Storey and H Skottowe and S A Wotton and T J Adye and C J Densham and S Easo and B Franek and P Loveridge and D Morrow and J V Morris and R Nandakumar and J Nardulli and A Papanestis and G N Patrick and S Ricciardi and M L Woodward and Z Zhang and R J U Chamonal and P J Clark and P Clarke and S Eisenhardt and N Gilardi and A Khan and Y M Kim and R Lambert and J Lawrence and A Main and J McCarron and C Mclean and F Muheim and A F Osorio-Oliveros and S Playfer and N Styles and Y Xie and A Bates and L Carson and F da Cunha Marinho and F Doherty and L Eklund and M Gersabeck and L Haddad and A A Macgregor and J Melone and F McEwan and D M Petrie and S K Paterson and C Parkes and A Pickford and B Rakotomiaramanana and E Rodrigues and A F Saavedra and F J P Soler and T Szumlak and S Viret and L Allebone and O Awunor and J Back and G Barber and C Barnes and B Cameron and D Clark and I Clark and P Dornan and A Duane and C Eames and U Egede and M Girone and S Greenwood and R Hallam and R Hare and A Howard and S Jolly and V Kasey and M Khaleeq and P Koppenburg and D Miller and R Plackett and D Price and W Reece and P Savage and T Savidge and B Simmons and G Vidal-Sitjes and D Websdale and A Affolder and J S Anderson and S F Biagi and T J V Bowcock and J L Carroll and G Casse and P Cooke and S Donleavy and L Dwyer and K Hennessy and T Huse and D Hutchcroft and D Jones and M Lockwood and M McCubbin and R McNulty and D Muskett and A Noor and G D Patel and K Rinnert and T Shears and N A Smith and G Southern and I Stavitski and P Sutcliffe and M Tobin and S M Traynor and P Turner and M Whitley and M Wormald and V Wright and J H Bibby and S Brisbane and M Brock and M Charles and C Cioffi and V V Gligorov and T Handford and N Harnew and F Harris and M J J John and M Jones and J Libby and L Martin and I A McArthur and R Muresan and C Newby and B Ottewell and A Powell and N Rotolo and R S Senanayake and L Somerville and A Soroko and P Spradlin and P Sullivan and I Stokes-Rees and S Topp-Jorgensen and F Xing and G Wilkinson and M Artuso and I Belyaev and S Blusk and G Lefeuvre and N Menaa and R Menaa-Sia and R Mountain and T Skwarnicki and S Stone and J C Wang and L Abadie and G Aglieri-Rinella and E Albrecht and J Andr{\'{e}} and G Anelli and N Arnaud and A Augustinus and F Bal and M C Barandela Pazos and A Barczyk and M Bargiotti and J Batista Lopes and O Behrendt and S Berni and P Binko and V Bobillier and A Braem and L Brarda and J Buytaert and L Camilleri and M Cambpell and G Castellani and F Cataneo and M Cattaneo and B Chadaj and P Charpentier and S Cherukuwada and E Chesi and J Christiansen and R Chytracek and M Clemencic and J Closier and P Collins and P Colrain and O Cooke and B Corajod and G Corti and C D{\textquotesingle}Ambrosio and B Damodaran and C David and S de Capua and G Decreuse and H Degaudenzi and H Dijkstra and J-P Droulez and D Duarte Ramos and J P Dufey and R Dumps and D Eckstein and M Ferro-Luzzi and F Fiedler and F Filthaut and W Flegel and R Forty and C Fournier and M Frank and C Frei and B Gaidioz and C Gaspar and J-C Gayde and P Gavillet and A Go and G Gracia Abril and J-S Graulich and P-A Giudici and A Guirao Elias and P Guglielmini and T Gys and F Hahn and S Haider and J Harvey and B Hay and J-A Hernando Morata and J Herranz Alvarez and E van Herwijnen and H J Hilke and G von Holtey and W Hulsbergen and R Jacobsson and O Jamet and C Joram and B Jost and N Kanaya and J Knaster Refolio and S Koestner and M Koratzinos and R Kristic and D Lacarr{\`{e}}re and C Lasseur and T Lastovicka and M Laub and D Liko and C Lippmann and R Lindner and M Losasso and A Maier and K Mair and P Maley and P Mato Vila and G Moine and J Morant and M Moritz and J Moscicki and M Muecke and H Mueller and T Nakada and N Neufeld and J Ocariz and C Padilla Aranda and U Parzefall and M Patel and M Pepe-Altarelli and D Piedigrossi and M Pivk and W Pokorski and S Ponce and F Ranjard and W Riegler and J Renaud and S Roiser and A Rossi and L Roy and T Ruf and D Ruffinoni and S Saladino and A Sambade Varela and R Santinelli and S Schmelling and B Schmidt and T Schneider and A Schöning and A Schopper and J Seguinot and W Snoeys and A Smith and A C Smith and P Somogyi and R Stoica and W Tejessy and F Teubert and E Thomas and J Toledo Alarcon and O Ullaland and A Valassi and P Vannerem and R Veness and P Wicht and D Wiedner and W Witzeling and A Wright and K Wyllie and T Ypsilantis},
	title = {The {LHCb} Detector at the {LHC}},
	journal = {Journal of Instrumentation},
	abstract = {The LHCb experiment is dedicated to precision measurements of CP violation and rare decays of B hadrons at the Large Hadron Collider (LHC) at CERN (Geneva). The initial configuration and expected performance of the detector and associated systems, as established by test beam measurements and simulation studies, is described.}
}


@online{XGB,
title={XGBoost Documentation},
URL={https://xgboost.readthedocs.io/en/latest/},
urldate={30-08-2021}
}

@online{Pearson,
author={Mehreen Saeed},
title={Calculating Pearson Correlation Coefficient in Python with Numpy},
URL={https://stackabuse.com/calculating-pearson-correlation-coefficient-in-python-with-numpy/},
urldate={30-08-2021}
}
