@manual{sample,
  author = {Selection of $B_s^0 \rightarrow \psi(2S) K_s^0$ events},
  title = {Measurement of matter-antimatter asymmetries with the LHCb experiment},
  year = 2022
}

@manual{sample_cpv,
  author = {TU Dortmund University, AG Albrecht},
  title = {Measurement of matter-antimatter asymmetries with the LHCb experiment},
  year = 2022
}

@article{pdg,
    author = "Workman, R. L. and Others",
    collaboration = "Particle Data Group",
    title = "{Review of Particle Physics}",
    doi = "10.1093/ptep/ptac097",
    journal = "PTEP",
    volume = "2022",
    pages = "083C01",
    year = "2022"
}

@article{Sakharov_1991,
	doi = {10.1070/pu1991v034n05abeh002497},
	year = 1991,
	month = {may},
	publisher = {{IOP} Publishing},
	volume = {34},
	number = {5},
	pages = {392--393},
	author = {Andrei D Sakharov},
  title = {Violation of \textit{CP} invariance,\textit{C} asymmetry, and baryon asymmetry of the universe},
	journal = {Soviet Physics Uspekhi},
	abstract = {}
}

@article{PhysRevLett.13.138,
  title = {Evidence for the $2\ensuremath{\pi}$ Decay of the $K_{2}^{0}$ Meson},
  author = {Christenson, J. H. and Cronin, J. W. and Fitch, V. L. and Turlay, R.},
  journal = {Phys. Rev. Lett.},
  volume = {13},
  issue = {4},
  pages = {138--140},
  numpages = {0},
  year = {1964},
  month = {Jul},
  publisher = {American Physical Society},
  doi = {10.1103/PhysRevLett.13.138},
}

@article{10.1143/PTP.49.652,
    author = {Kobayashi, Makoto and Maskawa, Toshihide},
    title = "{CP-Violation in the Renormalizable Theory of Weak Interaction}",
    journal = {Progress of Theoretical Physics},
    volume = {49},
    number = {2},
    pages = {652-657},
    year = {1973},
    month = {02},
    issn = {0033-068X},
    doi = {10.1143/PTP.49.652},
}

@article{Aubert_2001,
	doi = {10.1103/physrevlett.87.091801},
	year = 2001,
	month = {aug},
	publisher = {American Physical Society ({APS})},
	volume = {87},
	number = {9},
	author = {B. Aubert and D. Boutigny and J.-M. Gaillard and A. Hicheur and Y. Karyotakis and J. P. Lees and P. Robbe and V. Tisserand and A. Palano and G. P. Chen and J. C. Chen and N. D. Qi and G. Rong and P. Wang and Y. S. Zhu and G. Eigen and P. L. Reinertsen and B. Stugu},
	title = {Observation of \textit{CP} Violation in the $B^0$ Meson System},
	journal = {Physical Review Letters}
}

@article{PhysRevLett.122.211803,
  title = {Observation of $CP$ Violation in Charm Decays},
  author = {Aaij, R. and Abell\'an Beteta, C. and Adeva, B. and Adinolfi, M.},
  collaboration = {LHCb Collaboration},
  journal = {Phys. Rev. Lett.},
  volume = {122},
  issue = {21},
  pages = {211803},
  numpages = {12},
  year = {2019},
  month = {May},
  publisher = {American Physical Society},
  doi = {10.1103/PhysRevLett.122.211803},
}

@article{Collaboration_2008,
	doi = {10.1088/1748-0221/3/08/s08005},
	year = 2008,
	month = {aug},
	publisher = {{IOP} Publishing},
	volume = {3},
	number = {08},
	pages = {S08005--S08005},
	author = {The LHCb Collaboration and A Augusto Alves and L M Andrade Filho and A F Barbosa},
	title = {The {LHCb} Detector at the {LHC}},
	journal = {Journal of Instrumentation},
}

@article{Evans_2008,
	doi = {10.1088/1748-0221/3/08/s08001},
	year = 2008,
	month = {aug},
	publisher = {{IOP} Publishing},
	volume = {3},
	number = {08},
	pages = {S08001--S08001},
	author = {Lyndon Evans and Philip Bryant},
	title = {{LHC} Machine},
	journal = {Journal of Instrumentation},
}

@inproceedings{Chen:2016:XST:2939672.2939785, 
 author = {Chen, Tianqi and Guestrin, Carlos},
 title = {{XGBoost}: A Scalable Tree Boosting System},
 booktitle = {Proceedings of the 22nd ACM SIGKDD International Conference on Knowledge Discovery and Data Mining},
 series = {KDD '16},
 year = {2016},
 isbn = {978-1-4503-4232-2},
 location = {San Francisco, California, USA},
 pages = {785--794},
 numpages = {10},
 url = {http://doi.acm.org/10.1145/2939672.2939785},
 doi = {10.1145/2939672.2939785},
 acmid = {2939785},
 publisher = {ACM},
 address = {New York, NY, USA},
 keywords = {large-scale machine learning},
}
